<record><leader>00000cas a22000007a 4500</leader><controlfield tag="001">15807152</controlfield><controlfield tag="008">870604d19131915txuwr ne      0    0eng d</controlfield><datafield ind1=" " ind2=" " tag="010"><subfield code="a">sn 87090340 </subfield></datafield><datafield ind1=" " ind2=" " tag="040"><subfield code="a">PPM</subfield><subfield code="b">eng</subfield><subfield code="c">PPM</subfield><subfield code="d">UHC</subfield><subfield code="d">OCLCQ</subfield><subfield code="d">OCLCF</subfield><subfield code="d">OCLCO</subfield></datafield><datafield ind1=" " ind2=" " tag="019"><subfield code="a">9287045</subfield></datafield><datafield ind1=" " ind2=" " tag="042"><subfield code="a">msc</subfield></datafield><datafield ind1=" " ind2=" " tag="043"><subfield code="a">n-us-tx</subfield></datafield><datafield ind1="0" ind2="4" tag="245"><subfield code="a">The Mainland messenger.</subfield></datafield><datafield ind1=" " ind2=" " tag="260"><subfield code="a">Dickinson, Tex. :</subfield><subfield code="b">H.L. Nelson,</subfield><subfield code="c">1913-1915.</subfield></datafield><datafield ind1=" " ind2=" " tag="310"><subfield code="a">Weekly</subfield></datafield><datafield ind1="0" ind2=" " tag="362"><subfield code="a">Vol. 1, no. 1 (July 9, 1913)-v. 4, no. 30 (July 28, 1915).</subfield></datafield><datafield ind1=" " ind2="0" tag="651"><subfield code="a">Galveston County (Tex.)</subfield></datafield><datafield ind1=" " ind2="7" tag="651"><subfield code="a">Texas</subfield><subfield code="z">Galveston County.</subfield><subfield code="2">fast</subfield><subfield code="0">(OCoLC)fst01207158</subfield></datafield><datafield ind1=" " ind2=" " tag="752"><subfield code="a">United States</subfield><subfield code="b">Texas</subfield><subfield code="c">Galveston</subfield><subfield code="d">Dickinson.</subfield></datafield></record>